@book{RizeniKvalitySW,
author={Roudenský, Petr and Havlíčková, Anna},
title={Řízení kvality softwaru},
volume={Průvodce testováním},
publisher={Computer Press},
year={2013},
isbn={978-80-251-3816-8},
address={Brno}
}

@book{Patton,
author={Patton, Ron},
title={Testování softwaru},
publisher={Computer Press},
year={2002},
isbn={80-7226-636-5},
address={Praha}
}

@online{Herout,
author={Herout, Pavel},
title={Přednášky z OKS},
year={2016},
cited={13.4.2016},
url={http://www.kiv.zcu.cz/~herout/vyuka/oks/prednasky/oks-1a4.pdf}
}

@book{Teorem,
author={Isaac, Richard},
publisher={Springer-Verlag New York, Inc.},
title={The Pleasures of Probability},
year={1995},
isbn={978-1-4612-6912-0},
address={New York}
}

@online{AutoIt,
author = {AutoIT},
publisher = {AutoIt Consulting Ltd},
title = {AutoIt},
year = {2015},
cited = {4.10.2015},
url = {https://www.autoitscript.com/site/autoit/}
}

@online{AutoHotKey,
author = {Mallet, Chris},
title = {AutoHotKey},
year = {2015},
cited = {4.10.2015},
url = {https://www.autohotkey.com/}
}

@online{AutoKey,
author = {Daniels, Keith W. },
title = {AutoHotKey},
year = {2011},
cited = {4.10.2015},
url = {https://code.google.com/p/autokey/}
}

@online{Sikuli,
author = {Sikuli},
publisher = {User Interface Design Group at MIT},
title = {Sikuli},
year = {2015},
cited = {4.10.2015},
url = {http://www.sikuli.org/}
}

@online{SikuliX,
author = {Hocke, Raimund},
title = {SikuliX},
year = {2015},
cited = {4.10.2015},
url = {http://www.sikulix.com/}
}

@online{Jubula,
author = {Jubula},
publisher = {Eclipse Foundation and Bredex GmbH},
title = {Jubula, Automated Functional Testing},
year = {2015},
cited = {4.10.2015},
url = {http://www.eclipse.org/jubula/}
}

@online{RobotFramework,
author = {Robot Framework},
publisher = {Robot Framework and Nokia Networks},
title = {Robot Framework, Generic test automation framework for acceptance testing and ATDD},
year = {2015},
cited = {4.10.2015},
url = {http://robotframework.org/}
}

@online{Squish,
author = {Squish},
publisher = {froglogic GmbH},
title = {Squish, GUI Tester},
year = {2015},
cited = {4.10.2015},
url = {http://robotframework.org/}
}

@online{eggPlant,
author = {eggPlant},
publisher = {TestPlant},
title = {eggPlant Functional},
year = {2015},
cited = {4.10.2015},
url = {http://www.testplant.com/eggplant/testing-tools/eggplant-developer/}
}

@online{UFT,
author = {UFT},
publisher = {Hewlett Packard Enterprise Development LP},
title = {Unified Functional Testing},
year = {2015},
cited = {4.10.2015},
url = {http://www8.hp.com/cz/cs/software-solutions/unified-functional-automated-testing/}
}

@online{RFT,
author = {RFT},
publisher = {IBM},
title = {Rational Functional Tester},
year = {2015},
cited = {4.10.2015},
url = {http://www-03.ibm.com/software/products/cs/functional}
}

@online{Ranorex,
author = {Ranorex},
publisher = {Ranorex GmbH},
title = {Ranorex},
year = {2015},
cited = {4.10.2015},
url = {http://www.ranorex.com/}
}

@online{SilkTest,
author = {SilkTest},
publisher = {Micro Focus},
title = {SilkTest},
year = {2015},
cited = {4.10.2015},
url = {http://www.borland.com/en-GB/Products/Software-Testing/Automated-Testing/Silk-Test}
}

@online{TestComplete,
author = {TestComplete},
publisher = {SmartBear Software},
title = {TestComplete},
year = {2015},
cited = {4.10.2015},
url = {http://smartbear.com/product/testcomplete/overview/}
}

@online{SikuliXImgs,
author = {Hocke, Raimund},
publisher = {Parn Yin},
title = {Does sikuli work with most of the popular picture formats?},
year = {2013},
cited = {11.4.2016},
url = {https://answers.launchpad.net/sikuli/+question/241219}
}